<record><leader>00000cas a22000007a 4500</leader><controlfield tag="001">12073532</controlfield><controlfield tag="008">850523d18601861wiuwr ne      0    0eng d</controlfield><datafield ind1=" " ind2=" " tag="010"><subfield code="a">sn 85040750 </subfield></datafield><datafield ind1=" " ind2=" " tag="040"><subfield code="a">NPV</subfield><subfield code="b">eng</subfield><subfield code="c">NPV</subfield><subfield code="d">OCLCQ</subfield></datafield><datafield ind1=" " ind2=" " tag="042"><subfield code="a">msc</subfield></datafield><datafield ind1="0" ind2="0" tag="245"><subfield code="a">Prison city item.</subfield></datafield><datafield ind1="1" ind2="3" tag="246"><subfield code="a">Weekly prison city item</subfield></datafield><datafield ind1=" " ind2=" " tag="260"><subfield code="a">Waupun, Dodge County, Wis. :</subfield><subfield code="b">Euen &amp; Cory</subfield></datafield><datafield ind1=" " ind2=" " tag="300"><subfield code="a">v.</subfield></datafield><datafield ind1=" " ind2=" " tag="310"><subfield code="a">Weekly</subfield></datafield><datafield ind1="1" ind2=" " tag="362"><subfield code="a">Began in 1860; ceased in June, 1861.</subfield></datafield><datafield ind1=" " ind2=" " tag="500"><subfield code="a">Publisher varies.</subfield></datafield><datafield ind1=" " ind2=" " tag="588"><subfield code="a">Description based on: Vol. 1, no. 10, new ser. (Aug. 3, 1860).</subfield></datafield><datafield ind1=" " ind2=" " tag="752"><subfield code="a">United States</subfield><subfield code="b">Wisconsin</subfield><subfield code="c">Dodge</subfield><subfield code="d">Waupun.</subfield></datafield><datafield ind1=" " ind2=" " tag="752"><subfield code="a">United States</subfield><subfield code="b">Wisconsin</subfield><subfield code="c">Fond du Lac</subfield><subfield code="d">Waupun.</subfield></datafield><datafield ind1="0" ind2="0" tag="780"><subfield code="t">Euen's prison city item</subfield><subfield code="w">(DLC)sn 85040756</subfield></datafield><datafield ind1="0" ind2="0" tag="785"><subfield code="t">Waupun weekly item</subfield><subfield code="w">(DLC)sn 85040751</subfield></datafield></record>